@inproceedings{eberhart1995new,
  title={A new optimizer using particle swarm theory},
  author={Eberhart, Russell and Kennedy, James},
  booktitle={MHS'95. Proceedings of the Sixth International Symposium on Micro Machine and Human Science},
  pages={39--43},
  year={1995},
  organization={IEEE}
}

@article{dorigo1996ant,
  title={Ant system: Optimization by a colony of cooperating agents},
  author={Dorigo, Marco and Maniezzo, Vittorio and Colorni, Alberto},
  journal={IEEE Transactions on Systems, Man, and Cybernetics, Part B (Cybernetics)},
  volume={26},
  number={1},
  pages={29--41},
  year={1996},
  publisher={IEEE}
}

@article{yang2009cuckoo,
  title={Cuckoo search via LÃ©vy flights},
  author={Yang, Xin-She and Deb, Suash},
  journal={2009 World Congress on Nature \& Biologically Inspired Computing (NaBIC)},
  pages={210--214},
  year={2009},
  organization={IEEE}
}